@ARTICLE{Krogh:2013:MSY,
  author = { F. T. Krogh},
  title = {{A Fortran Message Processor}},
  journal = toms,
  year = {201x},
  volume = {V},
  pages = {X-X+5},
  number = {N},
  month = {mmm}
}